@article{CCAvenue,
  title={CCAvenue},
  author={CCAvenue},
  journal={CCAvenue},
  year={2023},
}

@article{PayU,
  title={PayU},
  author={PayU},
  journal={PayU},
  year={2023},
}

@article{Way2Benefits,
  title={Advantages and disadvantages of payment gateway - Way2Benefits},
  author={Way2Benefits},
  journal={Way2Benefits},
  year={2023},
}

@article{Paylosophy,
  title={Payment Gateways: Standard Features | Paylosophy},
  author={Paylosophy},
  journal={Paylosophy},
  year={2023},
}
