@article{ibm2023,
  author  = {IBM},
  title   = {IT Infrastructure Solutions | IBM},
  journal = {https://www.ibm.com/it-infrastructure},
  year    = {2023},
  month   = {Jan},
  note    = {(Accessed on 06/09/2023)}
}
@article{ibm20232,
  author  = {IBM},
  title   = {IBM Infrastructure Services},
  journal = {https://www.ibm.com/products/expertlabs/infrastructure},
  year    = {2023},
  month   = {Jan},
  note    = {(Accessed on 06/09/2023)}
}
@article{ibm2022,
  author  = {IBM},
  title   = {What is IT Infrastructure? | IBM},
  journal = {https://www.ibm.com/topics/infrastructure},
  year    = {2022},
  month   = {Jan},
  note    = {(Accessed on 06/09/2023)}
}
@article{IBMInfra75:online,
  author  = {IBM},
  title   = {IBM Infrastructure Services},
  journal = {https://www.ibm.com/services/infrastructure},
  year    = {2022},
  month   = {Jan},
  note    = {(Accessed on 06/09/2023)}
}
@article{ibm_annual_report_2022,
  author  = {International Business Machines Corporation},
  title   = {IBM Annual Report 2022},
  journal = {https://www.ibm.com/services/infrastructure},
  year    = {2022}
}
@article{gartner_magic_quadrant_for_public_cloud_infrastructure_2023,
  author  = {Gartner},
  title   = {Gartner Magic Quadrant for Public Cloud Infrastructure 2023},
  journal = {Journal Of Technology},
  year    = {2023}
}
@article{idc_worldwide_artificial_intelligence_software_market_forecast_2021_2026,
  author  = {International Data Corporation},
  title   = {IDC Worldwide Artificial Intelligence Software Market Forecast 2021-2026},
  journal = {Journal Of Artificial Intelligence},
  year    = {2021}
}
@article{forrester_research_wave_cloud_security_solutions_q3_2022,
  author  = {Forrester Research},
  title   = {Forrester Research Wave: Cloud Security Solutions, Q3 2022},
  journal = {Journal Of Cloud Security},
  year    = {2022}
}
@article{gartner_hype_cycle_for_emerging_technologies_2023,
  author  = {Gartner},
  title   = {Gartner Hype Cycle for Emerging Technologies 2023},
  journal = {Journal Of Cloud Security},
  year    = {2023}
}
@article{idc_futurescape_worldwide_public_cloud_2023_predictions,
  author  = {International Data Corporation},
  title   = {IDC FutureScape: Worldwide Public Cloud 2023 Predictions},
  journal = {Journal Of Cloud Security},
  year    = {2023}
}
@article{forrester_research_the_future_of_enterprise_security,
  author  = {Forrester Research},
  title   = {Forrester Research: The Future of Enterprise Security},
  journal = {Forrester Research},
  year    = {2023}
}
@article{hksyu2023ibm,
  author  = {Hong Kong Shue Yan University},
  title   = {IBM Cloud Pak for Data Helps Hong Kong Shue Yan University Launch Big Data Lab},
  journal = {IBM Cloud Blog},
  year    = {2023}
}
@article{aisats2023ibm,
  author  = {Air India SATS Airport Services Private Limited},
  title   = {IBM Watson AIOps Helps Air India SATS Airport Services Private Limited Improve IT Infrastructure Performance and Reliability},
  journal = {IBM Watson AIOps Blog},
  year    = {2023}
}
@article{daimler2023ibm,
  author  = {Daimler},
  title   = {IBM Cloud Satellite Helps Daimler Develop and Deploy New Electric Vehicle Battery Management System},
  journal = {IBM Cloud Satellite Blog},
  year    = {2023}
}
@article{IBM_Technology_Infrastructure,
  author  = {IBM},
  title   = {IBM's Technology Landscape: A Comprehensive Overview},
  journal = {IBM Journal of Research and Development},
  year    = {2023},
  volume  = {66},
  number  = {2},
  pages   = {1-12},
  doi     = {10.1147/jrd.2023.2988282}
}
@book{IBM_Research_Achievements,
  author    = {IBM Research Staff},
  title     = {IBM Research: A Century of Innovation},
  publisher = {IBM Press},
  year      = {2023}
}
@article{IBM_Global_Research_Network,
  author  = {IBM},
  title   = {IBM's Global Research Network: Driving Innovation Across the World},
  journal = {Research Policy},
  year    = {2019},
  volume  = {48},
  number  = {12},
  pages   = {2219-2232},
  doi     = {10.1016/j.respol.2019.02.029}
}
@article{ibm-hybrid-cloud,
  author  = {IBM},
  title   = {IBM Leads in Hybrid Cloud Computing},
  journal = {IBM.com},
  year    = {2023}
}
@article{ibm-ai,
  author  = {IBM},
  title   = {IBM Invests Heavily in Artificial Intelligence},
  journal = {IBM.com},
  year    = {2023}
}
@article{ibm-open-source,
  author  = {IBM},
  title   = {IBM is Committed to Open Source Software},
  journal = {IBM.com},
  year    = {2023}
}
@article{ibm-services,
  author  = {IBM},
  title   = {IBM is a Global Leader in Technology Services},
  journal = {IBM.com},
  year    = {2023}
}
@article{ibm-sustainability,
  author  = {IBM},
  title   = {IBM is Committed to Sustainability},
  journal = {IBM.com},
  year    = {2023}
}