Scopus
EXPORT DATE: 5 October 2023

@Article{Abiodun2018,
  author     = {Abiodun, O.I. and Jantan, A. and Omolara, A.E. and Dada, K.V. and Mohamed, N.A. and Arshad, H.},
  journal    = {Heliyon},
  title      = {State-of-the-art in artificial neural network applications: A survey},
  year       = {2018},
  number     = {11},
  volume     = {4},
  art_number = {e00938},
  doi        = {10.1016/j.heliyon.2018.e00938},
}

@Article{Anh2020836,
  author  = {Anh, D.L.T. and Gan, C.},
  journal = {Journal of Economic Studies},
  title   = {The impact of the COVID-19 lockdown on stock market performance: evidence from Vietnam},
  year    = {2020},
  number  = {4},
  pages   = {836-851},
  volume  = {48},
  doi     = {10.1108/JES-06-2020-0312},
}

@Article{Arnott201964,
  author  = {Arnott, R. and Harvey, C.R. and Markowitz, H.},
  journal = {Journal of Financial Data Science},
  title   = {A Backtesting Protocol in the Era of Machine Learning},
  year    = {2019},
  number  = {1},
  pages   = {64-74},
  volume  = {1},
  doi     = {10.3905/jfds.2019.1.064},
}

@Article{Arroyo2019124233,
  author     = {Arroyo, J. and Corea, F. and Jimenez-Diaz, G. and Recio-Garcia, J.A.},
  journal    = {IEEE Access},
  title      = {Assessment of machine learning performance for decision support in venture capital investments},
  year       = {2019},
  pages      = {124233-124243},
  volume     = {7},
  art_number = {8821312},
  doi        = {10.1109/ACCESS.2019.2938659},
}

@Article{Bartram20219,
  author  = {Bartram, S.M. and Branke, J. and De Rossi, G. and Motahari, M.},
  journal = {Journal of Financial Data Science},
  title   = {Machine Learning for Active Portfolio Management},
  year    = {2021},
  number  = {3},
  pages   = {9-30},
  volume  = {3},
  doi     = {10.3905/jfds.2021.1.071},
}

@Article{Bisoi2019652,
  author  = {Bisoi, R. and Dash, P.K. and Parida, A.K.},
  journal = {Applied Soft Computing Journal},
  title   = {Hybrid Variational Mode Decomposition and evolutionary robust kernel extreme learning machine for stock price and movement prediction on daily basis},
  year    = {2019},
  pages   = {652-678},
  volume  = {74},
  doi     = {10.1016/j.asoc.2018.11.008},
}

@Article{Bollerslev1986307,
  author  = {Bollerslev, T.},
  journal = {Journal of Econometrics},
  title   = {Generalized autoregressive conditional heteroskedasticity},
  year    = {1986},
  number  = {3},
  pages   = {307-327},
  volume  = {31},
  doi     = {10.1016/0304-4076(86)90063-1},
}

@Article{Bolognesi201314,
  author  = {Bolognesi, E. and Torluccio, G. and Zuccheri, A.},
  journal = {Journal of Asset Management},
  title   = {A comparison between capitalization-weighted and equally weighted indexes in the European equity market},
  year    = {2013},
  number  = {1},
  pages   = {14-26},
  volume  = {14},
  doi     = {10.1057/jam.2013.1},
}

@Article{Campbell20011,
  author  = {Campbell, J.Y. and Lettau, M. and Malkiel, B.G. and Xu, Y.},
  journal = {Journal of Finance},
  title   = {Have individual stocks become more volatile? An empirical exploration of idiosyncratic risk},
  year    = {2001},
  number  = {1},
  pages   = {1-43},
  volume  = {56},
  doi     = {10.1111/0022-1082.00318},
}

@Article{Candar2022131,
  author  = {Candar, M. and Üstündağ, A.},
  journal = {Lecture Notes in Networks and Systems},
  title   = {Equity Portfolio Optimization Using Reinforcement Learning: Emerging Market Case},
  year    = {2022},
  pages   = {131-139},
  volume  = {505 LNNS},
  doi     = {10.1007/978-3-031-09176-6_16},
}

@Article{Chen2015435,
  author  = {Chen, R. and Liang, C.-Y. and Hong, W.-C. and Gu, D.-X.},
  journal = {Applied Soft Computing},
  title   = {Forecasting holiday daily tourist flow based on seasonal support vector regression with adaptive genetic algorithm},
  year    = {2015},
  pages   = {435-443},
  volume  = {26},
  doi     = {10.1016/j.asoc.2014.10.022},
}

@Article{Chong2017187,
  author  = {Chong, E. and Han, C. and Park, F.C.},
  journal = {Expert Systems with Applications},
  title   = {Deep learning networks for stock market analysis and prediction: Methodology, data representations, and case studies},
  year    = {2017},
  pages   = {187-205},
  volume  = {83},
  doi     = {10.1016/j.eswa.2017.04.030},
}

@Article{Christoffersen20103141,
  author  = {Christoffersen, P. and Jacobs, K. and Mimouni, K.},
  journal = {Review of Financial Studies},
  title   = {Volatility dynamics for the SP500: Evidence from realized volatility, daily returns, and option prices},
  year    = {2010},
  number  = {8},
  pages   = {3141-3189},
  volume  = {23},
  doi     = {10.1093/rfs/hhq032},
}

@Article{DePrado201659,
  author  = {De Prado, M.L.},
  journal = {Journal of Portfolio Management},
  title   = {Building diversified portfolios that outperform out of sample},
  year    = {2016},
  number  = {4},
  pages   = {59-69},
  volume  = {42},
  doi     = {10.3905/jpm.2016.42.4.059},
}

@Article{DeMiguel20091915,
  author  = {DeMiguel, V. and Garlappi, L. and Uppal, R.},
  journal = {Review of Financial Studies},
  title   = {Optimal versus naive diversification: How inefficient is the 1/N portfolio strategy?},
  year    = {2009},
  number  = {5},
  pages   = {1915-1953},
  volume  = {22},
  doi     = {10.1093/rfs/hhm075},
}

@Article{Elton1977415,
  author  = {Elton, E.J. and Gruber, M.J.},
  journal = {Journal of Business},
  title   = {Risk reduction and portfolio size: An analytical solution},
  year    = {1977},
  number  = {4},
  pages   = {415-437},
  volume  = {50},
}

@Article{Elton19971743,
  author  = {Elton, E.J. and Gruber, M.J.},
  journal = {Journal of Banking and Finance},
  title   = {Modern portfolio theory, 1950 to date},
  year    = {1997},
  number  = {11-12},
  pages   = {1743-1759},
  volume  = {21},
  doi     = {10.1016/S0378-4266(97)00048-4},
}

@Article{Engle1987251,
  author  = {Engle, R.F. and Granger, C.W.J.},
  journal = {Econometrica},
  title   = {Cointegration and error correction: Representation, estimation and testing},
  year    = {1987},
  number  = {2},
  pages   = {251-276},
  volume  = {55},
}

@Article{Giang0000,
  author = {Giang, N.K.},
  year   = {0000},
}

@Article{Gu20202223,
  author  = {Gu, S. and Kelly, B. and Xiu, D.},
  journal = {Review of Financial Studies},
  title   = {Empirical Asset Pricing via Machine Learning},
  year    = {2020},
  number  = {5},
  pages   = {2223-2273},
  volume  = {33},
  doi     = {10.1093/rfs/hhaa009},
}

@Article{Holt20045,
  author  = {Holt, C.C.},
  journal = {International Journal of Forecasting},
  title   = {Forecasting seasonals and trends by exponentially weighted moving averages},
  year    = {2004},
  number  = {1},
  pages   = {5-10},
  volume  = {20},
  doi     = {10.1016/j.ijforecast.2003.09.015},
}

@Article{Jurczenko2020,
  author  = {Jurczenko, E.},
  journal = {Machine Learning for Asset Management: New Developments and Financial Applications},
  year    = {2020},
}

@Article{Kaczmarek20211,
  author  = {Kaczmarek, T. and Perez, K.},
  journal = {Econ. Res.-Ekon. Istraz},
  title   = {Building portfolios based on machine learning predictions},
  year    = {2021},
  pages   = {1-19},
}

@conference{Zhang2019400,
  author            = {Zhang, Kang and Zhong, Guoqiang and Dong, Junyu and Wang, Shengke and Wang, Yong},
  title             = {Stock Market Prediction Based on Generative Adversarial Network},
  year              = {2019},
  journal           = {Procedia Computer Science},
  volume            = {147},
  pages             = {400 – 406},
  doi               = {10.1016/j.procs.2019.01.256},
}

@Article{Kolm2014356,
  author  = {Kolm, P.N. and Tütüncü, R. and Fabozzi, F.J.},
  journal = {European Journal of Operational Research},
  title   = {60 Years of portfolio optimization: Practical challenges and current trends},
  year    = {2014},
  number  = {2},
  pages   = {356-371},
  volume  = {234},
  doi     = {10.1016/j.ejor.2013.10.060},
}

@Article{Kolm2019159,
  author  = {Kolm, P.N. and Ritter, G.},
  journal = {Journal of Financial Data Science},
  title   = {Dynamic Replication and Hedging: A Reinforcement Learning Approach},
  year    = {2019},
  number  = {1},
  pages   = {159-171},
  volume  = {1},
  doi     = {10.3905/jfds.2019.1.1.159},
}

@Article{Kritzman201031,
  author  = {Kritzman, M. and Page, S. and Turkington, D.},
  journal = {Financial Analysts Journal},
  title   = {In defense of optimization: The fallacy of 1/N},
  year    = {2010},
  number  = {2},
  pages   = {31-39},
  volume  = {66},
  doi     = {10.2469/faj.v66.n2.6},
}

@Article{Lahmiri2020,
  author     = {Lahmiri, S. and Bekiros, S.},
  journal    = {Chaos, Solitons and Fractals},
  title      = {Intelligent forecasting with machine learning trading systems in chaotic intraday Bitcoin market},
  year       = {2020},
  volume     = {133},
  art_number = {109641},
  doi        = {10.1016/j.chaos.2020.109641},
}

@Article{Li2016,
  author = {Li, J. and Monroe, W. and Ritter, A. and Galley, M. and Gao, J.},
  year   = {2016},
}

@Article{Liang2018,
  author = {Liang, Z. and Chen, H. and Zhu, J. and Jiang, K.},
  year   = {2018},
}

@Article{Long2019163,
  author  = {Long, W. and Lu, Z. and Cui, L.},
  journal = {Knowledge-Based Systems},
  title   = {Deep learning-based feature engineering for stock price movement prediction},
  year    = {2019},
  pages   = {163-173},
  volume  = {164},
  doi     = {10.1016/j.knosys.2018.10.034},
}

@Article{Ma2021,
  author     = {Ma, Y. and Han, R. and Wang, W.},
  journal    = {Expert Systems with Applications},
  title      = {Portfolio optimization with return prediction using deep learning and machine learning},
  year       = {2021},
  volume     = {165},
  art_number = {113973},
  doi        = {10.1016/j.eswa.2020.113973},
}


@inproceedings{li2020asset,
  title        = {Asset Allocation Based On Reinforcement Learning},
  author       = {Li, Yaoming and Wu, Junfeng and Chen, Yun},
  booktitle    = {2020 IEEE 18th International Conference on Industrial Informatics (INDIN)},
  volume       = {1},
  pages        = {397--402},
  year         = {2020},
  organization = {IEEE}
}

@Article{Malladi2017188,
  author  = {Malladi, R. and Fabozzi, F.J.},
  journal = {Journal of Asset Management},
  title   = {Equal-weighted strategy: Why it outperforms value-weighted strategies? Theory and evidence},
  year    = {2017},
  number  = {3},
  pages   = {188-208},
  volume  = {18},
  doi     = {10.1057/s41260-016-0033-4},
}
@article{Markowitz1952,
  issn      = {00221082, 15406261},
  author    = {Harry Markowitz},
  journal   = {The Journal of Finance},
  number    = {1},
  pages     = {77--91},
  publisher = {[American Finance Association, Wiley]},
  title     = {Portfolio Selection},
  urldate   = {2023-10-05},
  volume    = {7},
  year      = {1952}
}


@Article{Markowitz200915,
  author  = {Markowitz, H.},
  journal = {Harry Markowitz: Selected Works},
  title   = {Portfolio selection},
  year    = {2009},
  pages   = {15-30},
}

@Article{Markowitz1991469,
  author  = {Markowitz, H.M.},
  journal = {Journal of Finance},
  title   = {Foundations of portfolio theory},
  year    = {1991},
  number  = {2},
  pages   = {469-477},
  volume  = {46},
}

@Article{McNeil20151,
  author  = {McNeil, A.J. and Frey, R. and Embrechts, P.},
  journal = {Quantitative Risk Management: Concepts, Techniques and Tools: Revised Edition},
  title   = {Quantitative risk management: Concepts, techniques and tools: Revised edition},
  year    = {2015},
  pages   = {1-699},
}

@Article{Mnih2015529,
  author  = {Mnih, V. and Kavukcuoglu, K. and Silver, D. and Rusu, A.A. and Veness, J. and Bellemare, M.G. and Graves, A. and Riedmiller, M. and Fidjeland, A.K. and Ostrovski, G. and Petersen, S. and Beattie, C. and Sadik, A. and Antonoglou, I. and King, H. and Kumaran, D. and Wierstra, D. and Legg, S. and Hassabis, D.},
  journal = {Nature},
  title   = {Human-level control through deep reinforcement learning},
  year    = {2015},
  number  = {7540},
  pages   = {529-533},
  volume  = {518},
  doi     = {10.1038/nature14236},
}

@Article{Mokkelbost1971785,
  author  = {Mokkelbost, P.B.},
  journal = {Journal of Financial and Quantitative Analysis},
  title   = {Unsystematic risk over time},
  year    = {1971},
  number  = {2},
  pages   = {785-796},
  volume  = {6},
  doi     = {10.2307/2329714},
}

@Article{Moody1998441,
  author  = {Moody, J. and Wu, L. and Liao, Y. and Saffell, M.},
  journal = {Journal of Forecasting},
  title   = {Performance functions and reinforcement learning for trading systems and portfolios},
  year    = {1998},
  number  = {5-6},
  pages   = {441-470},
  volume  = {17},
}

@Article{Mostafa202123,
  author  = {Mostafa, S. and Wu, F.-X.},
  journal = {Neural Engineering Techniques for Autism Spectrum Disorder: Volume 1: Imaging and Signal Analysis},
  title   = {Diagnosis of autism spectrum disorder with convolutional autoencoder and structural MRI images},
  year    = {2021},
  pages   = {23-38},
  doi     = {10.1016/B978-0-12-822822-7.00003-X},
}

@Article{Partovi2004,
  author  = {Partovi, M.H. and Caputo, M.},
  journal = {Economics Bulletin},
  title   = {Principal portfolios: Recasting the efficient frontier},
  year    = {2004},
  number  = {1},
  volume  = {7},
}

@Article{Pascanu2013,
  author = {Pascanu, R. and Gulcehre, C. and Cho, K.},
  year   = {2013},
}

@Article{Saltiel2020,
  author = {Saltiel, D. and Benhamou, E. and Ohana, J.J. and Laraki, R.},
  year   = {2020},
}

@Article{Hochreiter19971735,
  author  = {Hochreiter, S. and Schmidhuber, J.},
  journal = {Neural Computation},
  title   = {Long Short-Term Memory},
  year    = {1997},
  number  = {8},
  pages   = {1735-1780},
  volume  = {9},
  doi     = {10.1162/neco.1997.9.8.1735},
}

@Article{Sharpe1970,
  author  = {Sharpe, W.F.},
  journal = {Portfolio Theory and Capital Markets},
  year    = {1970},
}

@Article{Sharpe199449,
  author  = {Sharpe, W.F.},
  journal = {Journal of Portfolio Management},
  title   = {The sharpe ratio},
  year    = {1994},
  number  = {1},
  pages   = {49-58},
  volume  = {21},
}

@Article{Silver2016484,
  author  = {Silver, D. and Huang, A. and Maddison, C.J. and Guez, A. and Sifre, L. and Van Den Driessche, G. and Schrittwieser, J. and Antonoglou, I. and Panneershelvam, V. and Lanctot, M. and Dieleman, S. and Grewe, D. and Nham, J. and Kalchbrenner, N. and Sutskever, I. and Lillicrap, T. and Leach, M. and Kavukcuoglu, K. and Graepel, T. and Hassabis, D.},
  journal = {Nature},
  title   = {Mastering the game of Go with deep neural networks and tree search},
  year    = {2016},
  number  = {7587},
  pages   = {484-489},
  volume  = {529},
  doi     = {10.1038/nature16961},
}

@Article{Sirignano20191449,
  author  = {Sirignano, J. and Cont, R.},
  journal = {Quantitative Finance},
  title   = {Universal features of price formation in financial markets: perspectives from deep learning},
  year    = {2019},
  number  = {9},
  pages   = {1449-1459},
  volume  = {19},
  doi     = {10.1080/14697688.2019.1622295},
}

@Article{Soleymani2020,
  author     = {Soleymani, F. and Paquet, E.},
  journal    = {Expert Systems with Applications},
  title      = {Financial portfolio optimization with online deep reinforcement learning and restricted stacked autoencoder—DeepBreath},
  year       = {2020},
  volume     = {156},
  art_number = {113456},
  doi        = {10.1016/j.eswa.2020.113456},
}

@Article{Statman1987353,
  author  = {Statman, M.},
  journal = {Journal of Financial and Quantitative Analysis},
  title   = {How many stocks make a diversified portfolio?},
  year    = {1987},
  number  = {3},
  pages   = {353-363},
  volume  = {22},
  doi     = {10.2307/2330969},
}

@Article{Sutton1998,
  author = {Sutton, R.S.},
  year   = {1998},
}

@Article{Taljaard20211855,
  author  = {Taljaard, B.H. and Maré, E.},
  journal = {Quantitative Finance},
  title   = {Why has the equal weight portfolio underperformed and what can we do about it?},
  year    = {2021},
  number  = {11},
  pages   = {1855-1868},
  volume  = {21},
  doi     = {10.1080/14697688.2021.1889020},
}

@Article{Tang2004155,
  author  = {Tang, G.Y.N.},
  journal = {Omega},
  title   = {How efficient is naive portfolio diversification? An educational note},
  year    = {2004},
  number  = {2},
  pages   = {155-160},
  volume  = {32},
  doi     = {10.1016/j.omega.2003.10.002},
}

@Article{Vo201810,
  author  = {Vo, X.V. and Truong, Q.B.},
  journal = {Journal of Behavioral and Experimental Finance},
  title   = {Does momentum work? Evidence from Vietnam stock market},
  year    = {2018},
  pages   = {10-15},
  volume  = {17},
  doi     = {10.1016/j.jbef.2017.12.002},
}

@Article{Wang20201273,
  author  = {Wang, H. and Zhou, X.Y.},
  journal = {Mathematical Finance},
  title   = {Continuous-time mean–variance portfolio selection: A reinforcement learning framework},
  year    = {2020},
  number  = {4},
  pages   = {1273-1308},
  volume  = {30},
  doi     = {10.1111/mafi.12281},
}

@Article{Wang2021,
  author     = {Wang, P. and Zhang, H. and Yang, C. and Guo, Y.},
  journal    = {Research in International Business and Finance},
  title      = {Time and frequency dynamics of connectedness and hedging performance in global stock markets: Bitcoin versus conventional hedges},
  year       = {2021},
  volume     = {58},
  art_number = {101479},
  doi        = {10.1016/j.ribaf.2021.101479},
}

@Article{Wang2020,
  author     = {Wang, W. and Li, W. and Zhang, N. and Liu, K.},
  journal    = {Expert Systems with Applications},
  title      = {Portfolio formation with preselection using deep learning from long-term financial data},
  year       = {2020},
  volume     = {143},
  art_number = {113042},
  doi        = {10.1016/j.eswa.2019.113042},
}

@Article{Wang2020796,
  author  = {Wang, X. and Liang, G. and Zhang, Y. and Blanton, H. and Bessinger, Z. and Jacobs, N.},
  journal = {Journal of the American College of Radiology},
  title   = {Inconsistent Performance of Deep Learning Models on Mammogram Classification},
  year    = {2020},
  number  = {6},
  pages   = {796-803},
  volume  = {17},
  doi     = {10.1016/j.jacr.2020.01.006},
}
@article{meng2019reinforcement,
  title     = {Reinforcement learning in financial markets},
  author    = {Meng, Terry Lingze and Khushi, Matloob},
  journal   = {Data},
  volume    = {4},
  number    = {3},
  pages     = {110},
  year      = {2019},
  publisher = {MDPI}
}

@Article{Wu20218119,
  author  = {Wu, M.-E. and Syu, J.-H. and Lin, J.C.-W. and Ho, J.-M.},
  journal = {Applied Intelligence},
  title   = {Portfolio management system in equity market neutral using reinforcement learning},
  year    = {2021},
  number  = {11},
  pages   = {8119-8131},
  volume  = {51},
  doi     = {10.1007/s10489-021-02262-0},
}

@Article{Wu20214577,
  author  = {Wu, W. and Chen, J. and Yang, Z.B. and Tindall, M.L.},
  journal = {Management Science},
  title   = {A cross-sectional machine learning approach for hedge fund return prediction and selection},
  year    = {2021},
  number  = {7},
  pages   = {4577-4601},
  volume  = {67},
  doi     = {10.1287/mnsc.2020.3696},
}

@Article{Yu2019,
  author  = {Yu, P. and Lee, J. S. and Kulyatin, I. and Shi, Z. and Dasgupta, S.},
  journal = {RWSDM Workshop, ICML},
  title   = {Model-based deep reinforcement learning for financial portfolio optimization},
  year    = {2019},
}

@Article{Zhang20193001,
  author     = {Zhang, Z. and Zohren, S. and Roberts, S.},
  journal    = {IEEE Transactions on Signal Processing},
  title      = {DeepLOB: Deep convolutional neural networks for limit order books},
  year       = {2019},
  number     = {11},
  pages      = {3001-3012},
  volume     = {67},
  art_number = {8673598},
  doi        = {10.1109/TSP.2019.2907260},
}

@Article{Zhang202025,
  author  = {Zhang, Z. and Zohren, S. and Roberts, S.},
  journal = {Journal of Financial Data Science},
  title   = {Deep Reinforcement Learning for Trading},
  year    = {2020},
  number  = {2},
  pages   = {25-40},
  volume  = {2},
  doi     = {10.3905/jfds.2020.1.030},
}

@Article{Zhang20208,
  author  = {Zhang, Z. and Zohren, S. and Rroberts, S.},
  journal = {Journal of Financial Data Science},
  title   = {Deep Learning for Portfolio Optimization},
  year    = {2020},
  number  = {4},
  pages   = {8-20},
  volume  = {2},
  doi     = {10.3905/jfds.2020.1.042},
}

@Article{Zhou2019,
  author     = {Zhou, F. and Zhang, Q. and Sornette, D. and Jiang, L.},
  journal    = {Applied Soft Computing Journal},
  title      = {Cascading logistic regression onto gradient boosted decision trees for forecasting and trading stock indices},
  year       = {2019},
  volume     = {84},
  art_number = {105747},
  doi        = {10.1016/j.asoc.2019.105747},
}

@Comment{jabref-meta: databaseType:bibtex;}
Scopus
EXPORT DATE: 05 October 2023

@article{Lucarelli202017229,
  author = {Lucarelli, Giorgio and Borrotti, Matteo},
  title  = {A deep Q-learning portfolio management framework for the cryptocurrency market},
  year   = {2020},
  volume = {32},
  number = {23},
  pages  = {17229 – 17244},
  doi    = {10.1007/s00521-020-05359-8},
}

@article{Livieris20211,
  author = {Livieris, Ioannis E. and Kiriakidou, Niki and Stavroyiannis, Stavros and Pintelas, Panagiotis},
  title  = {An advanced CNN-LSTM model for cryptocurrency forecasting},
  year   = {2021},
  volume = {10},
  number = {3},
  pages  = {1 – 16},
  doi    = {10.3390/electronics10030287},
}

@article{Millea2023,
  author = {Millea, Adrian and Edalat, Abbas},
  title  = {Using Deep Reinforcement Learning with Hierarchical Risk Parity for Portfolio Optimization},
  year   = {2023},
  volume = {11},
  number = {1},
  doi    = {10.3390/ijfs11010010},
}

@article{Al-Nefaie2022,
  author = {Al-Nefaie, Abdullah H. and Aldhyani, Theyazn H. H.},
  title  = {Bitcoin Price Forecasting and Trading: Data Analytics Approaches},
  year   = {2022},
  volume = {11},
  number = {24},
  doi    = {10.3390/electronics11244088},
}