@article{CCAvenue,
  title={CCAvenue},
  author={CCAvenue},
  journal={CCAvenue},
  year={2023},
}

@article{PayU,
  title={PayU},
  author={PayU},
  journal={PayU},
  year={2023},
}

@article{Way2Benefits,
  title={Advantages and disadvantages of payment gateway - Way2Benefits},
  author={Way2Benefits},
  journal={Way2Benefits},
  year={2023},
}

@article{Paylosophy,
  title={Payment Gateways: Standard Features | Paylosophy},
  author={Paylosophy},
  journal={Paylosophy},
  year={2023},
}

@article{gowda2009green,
  title={From Green Revolution to Evergreen Revolution},
  author={Gowda, MV},
  journal={Outlook Publishing (India) Pvt. Ltd.},
  year={2009},
  publisher={Rajan Raheja Group}
}

@article{singhemergence,
  title  = {Emergence of Private Labels in Indian Organised Retail},
  author = {Singh, Nripendra and Singh, Mr Ajay},
  journal = {Inclusive Growth and Innovative Practices in Management},
  year = {2012}
}

@misc{AboutUsO20,
  author       = {Chinki Sinha},
  title        = {About Us - Outlook India},
  month        = {},
  year         = {2022},
  note         = {(Accessed on 08/16/2023)}
}

@misc{Whichbus35:online,
  author       = {Priya Ganapati},
  title        = {Which business family owns Outlook? - Rediff.com Business},
  month        = {Feb},
  year         = {2004},
  note         = {(Accessed on 08/16/2023)}
}

@misc{TWOLINEH38:online,
  author       = {IRS Topline Survey},
  title        = {Top English Magazine},
  journal = {Indian Readership Survey},
  month        = {},
  year         = {2014},
}

@article{bhide2019growth,
  title   = {Growth of Digital Payment System in India},
  author  = {Bhide, Kedar},
  journal = {Think India Journal},
  volume  = {22},
  number  = {33},
  pages   = {245--251},
  year    = {2019}
}

@misc{Indianso78,
  author       = {Anurag Thakur},
  title        = {Indian software industry expected to reach \$100 bn by 2025: Anurag Thakur},
  month        = {April},
  year         = {2023},
  note         = {(Accessed on 08/17/2023)}
}

@article{durga2023study,
  title   = {A Study on Fintech Start-Ups in India Special Refernce to Payments and Blockchain},
  author  = {Durga, H Kanaka and Sarvani, K},
  journal = {European Economic Letters (EEL)},
  volume  = {13},
  number  = {3},
  pages   = {887--891},
  year    = {2023}
}

@article{patelpayment,
  title  = {E-Payment--A Review on Different Methods, Issues and Challenges},
  author = { Priyanka Patel },
  journal={INTERNATIONAL JOURNAL OF TECHNICAL SCIENCE \& EXPLORATION},
  volume={3},
  Issues={5},
  month={October},
  year={2022},

}

@article{bekkers2009strategic,
  title     = {Strategic asset allocation: Determining the optimal portfolio with ten asset classes},
  author    = {Bekkers, Niels and Doeswijk, Ronald Q and Lam, Trevin W},
  journal   = {The Journal of Wealth Management},
  volume    = {12},
  number    = {3},
  pages     = {61--77},
  year      = {2009},
  publisher = {Institutional Investor Journals Umbrella}
}

@article{shaik2022financial,
  title   = {Financial Literacy and Investment Behaviour of IT Professional in India},
  author  = {Shaik, Mahabub Basha and Kethan, M and Jaggaiah, T and Khizerulla, Mohammed},
  journal = {East Asian Journal of Multidisciplinary Research},
  volume  = {1},
  number  = {5},
  pages   = {777--788},
  year    = {2022}
}

@inproceedings{subbu2005multiobjective,
  title        = {Multiobjective financial portfolio design: A hybrid evolutionary approach},
  author       = {Subbu, Raj and Bonissone, Piero P and Eklund, Neil and Bollapragada, Srinivas and Chalermkraivuth, Kete},
  booktitle    = {2005 IEEE congress on evolutionary computation},
  volume       = {2},
  pages        = {1722--1729},
  year         = {2005},
  organization = {IEEE}
}

@misc{sen2022stock,
  title         = {Stock Performance Evaluation for Portfolio Design from Different Sectors of the Indian Stock Market},
  author        = {Jaydip Sen and Arpit Awad and Aaditya Raj and Gourav Ray and Pusparna Chakraborty and Sanket Das and Subhasmita Mishra},
  year          = {2022},
  eprint        = {2208.07166},
  archiveprefix = {arXiv},
  primaryclass  = {q-fin.PM}
}

@article{sureshkumar2011efficient,
  title     = {An efficient approach to forecast Indian stock market price and their performance analysis},
  author    = {Sureshkumar, KK and Elango, NM},
  journal   = {International Journal of Computer Applications},
  volume    = {34},
  number    = {5},
  pages     = {44--49},
  year      = {2011},
  publisher = {Citeseer}
}

@article{tripathi2020performance,
  title   = {Performance evaluation of selected equity mutual funds in India},
  author  = {Tripathi, Shivam and Japee, Dr Gurudutta P},
  journal = {Gap Gyan-A Global Journal of Social Sciences},
  year    = {2020}
}

@inproceedings{choudhary2014performance,
  title     = {Performance evaluation of mutual funds: A study of selected diversified equity mutual funds in India},
  author    = {Choudhary, Vikas and Chawla, Preeti Sehgal},
  booktitle = {International Conference on Business, Law and Corporate Social Responsibility},
  volume    = {2},
  number    = {10},
  year      = {2014}
}